%% This BibTeX bibliography file was created using BibDesk.
%% http://bibdesk.sourceforge.net/

%% Created for Marina Costa Rillo at 2018-03-06 21:24:02 +0100 


%% Saved with string encoding Unicode (UTF-8) 

@article{jablonski2008biotic,
  title={Biotic interactions and macroevolution: extensions and mismatches across scales and levels},
  author={Jablonski, David},
  journal={Evolution},
  volume={62},
  number={4},
  pages={715--739},
  year={2008},
  publisher={BioOne}
}


@article{smith2016oisst,
	Author = {Banzon, V. and Smith, T. M. and Chin, T. M. and Liu, C. and Hankins, W.},
	Date-Added = {2018-03-06 20:21:31 +0000},
	Date-Modified = {2018-03-06 20:23:14 +0000},
	Journal = {Earth System Science Data},
	Pages = {165--176},
	Publisher = {Copernicus GmbH},
	Title = {A long-term record of blended satellite and in situ sea-surface temperature for climate monitoring, modeling and environmental studies},
	Volume = {8},
	Year = {2016}}

@article{harmon2015unbounded,
	Author = {Harmon, Luke J and Harrison, Susan},
	Date-Added = {2016-09-21 12:28:26 +0000},
	Date-Modified = {2016-09-21 12:28:26 +0000},
	Journal = {The American Naturalist},
	Number = {5},
	Pages = {584--593},
	Publisher = {JSTOR},
	Title = {Species diversity is dynamic and unbounded at local and continental scales},
	Volume = {185},
	Year = {2015}}

@article{rabosky2015limits,
	Author = {Rabosky, Daniel L and Hurlbert, Allen H and President, ASN and Moderator, Debate and Price, Trevor},
	Date-Added = {2016-09-21 12:28:26 +0000},
	Date-Modified = {2016-09-21 12:28:26 +0000},
	Journal = {The American Naturalist},
	Number = {5},
	Pages = {572--583},
	Publisher = {JSTOR},
	Title = {Species richness at continental scales is dominated by ecological limits},
	Volume = {185},
	Year = {2015}}

@article{ezard2011interplay,
	Author = {Ezard, Thomas HG and Aze, Tracy and Pearson, Paul N and Purvis, Andy},
	Date-Added = {2016-09-21 12:28:26 +0000},
	Date-Modified = {2016-09-21 12:28:26 +0000},
	Journal = {Science},
	Number = {6027},
	Pages = {349--351},
	Title = {Interplay between changing climate and species' ecology drives macroevolutionary dynamics},
	Volume = {332},
	Year = {2011}}

@article{ezard2016ecolet,
	Author = {Ezard, Thomas H. G. and Purvis, Andy},
	Date-Added = {2016-09-21 12:36:52 +0000},
	Date-Modified = {2016-09-21 12:37:44 +0000},
	Journal = {Ecology Letters},
	Number = {8},
	Pages = {899--906},
	Publisher = {Wiley-Blackwell},
	Title = {Environmental changes define ecological limits to species richness and reveal the mode of macroevolutionary competition},
	Volume = {19},
	Year = {2016}}

@article{etienne2012diversity,
	Author = {Etienne, Rampal S and Haegeman, Bart and Stadler, Tanja and Aze, Tracy and Pearson, Paul N and Purvis, Andy and Phillimore, Albert B},
	Date-Added = {2016-09-21 12:28:26 +0000},
	Date-Modified = {2016-09-21 12:28:26 +0000},
	Journal = {Proceedings of the Royal Society B: Biological Sciences},
	Pages = {1300--1309},
	Publisher = {The Royal Society},
	Title = {Diversity-dependence brings molecular phylogenies closer to agreement with the fossil record},
	Volume = {279},
	Year = {2012}}

@article{rabosky2013diversity,
	Author = {Rabosky, Daniel L},
	Date-Added = {2017-10-09 12:32:16 +0000},
	Date-Modified = {2017-10-09 12:32:16 +0000},
	Journal = {Annual Review of Ecology, Evolution, and Systematics},
	Pages = {481--502},
	Publisher = {Annual Reviews},
	Title = {Diversity-dependence, ecological speciation, and the role of competition in macroevolution},
	Volume = {44},
	Year = {2013}}

@article{quental2010diversity,
	Author = {Quental, Tiago B and Marshall, Charles R},
	Date-Added = {2016-09-29 16:35:33 +0000},
	Date-Modified = {2016-09-29 16:35:33 +0000},
	Journal = {Trends in Ecology \& Evolution},
	Number = {8},
	Pages = {434--441},
	Publisher = {Elsevier},
	Title = {Diversity dynamics: molecular phylogenies need the fossil record},
	Volume = {25},
	Year = {2010}}

@article{moen2014whydoes,
	Author = {Moen, Daniel and Morlon, H{\'e}l{\`e}ne},
	Date-Added = {2016-09-29 16:35:33 +0000},
	Date-Modified = {2016-09-29 16:35:33 +0000},
	Journal = {Trends in Ecology \& Evolution},
	Number = {4},
	Pages = {190--197},
	Publisher = {Elsevier},
	Title = {Why does diversification slow down?},
	Volume = {29},
	Year = {2014}}

@article{voje2015role,
	Author = {Voje, Kjetil L and Holen, {\O}istein H and Liow, Lee Hsiang and Stenseth, Nils Chr},
	Date-Added = {2017-10-09 13:23:12 +0000},
	Date-Modified = {2017-10-09 13:23:12 +0000},
	Journal = {Proceedings of the Royal Society B: Biological Sciences},
	Number = {1808},
	Organization = {The Royal Society},
	Pages = {20150186},
	Title = {The role of biotic forces in driving macroevolution: beyond the Red Queen},
	Volume = {282},
	Year = {2015}}

@article{weber2017evolution,
	Author = {Weber, Marjorie G and Wagner, Catherine E and Best, Rebecca J and Harmon, Luke J and Matthews, Blake},
	Date-Added = {2017-10-09 13:21:18 +0000},
	Date-Modified = {2017-10-09 13:21:18 +0000},
	Journal = {Trends in Ecology \& Evolution},
	Publisher = {Elsevier},
	Title = {Evolution in a community context: on integrating ecological interactions and macroevolution},
	Year = {2017}}

@article{benton2007howdid,
	Author = {Benton, Michael J and Emerson, Brent C},
	Date-Added = {2016-09-21 12:28:26 +0000},
	Date-Modified = {2016-09-21 12:28:26 +0000},
	Journal = {Palaeontology},
	Number = {1},
	Pages = {23--40},
	Publisher = {Wiley Online Library},
	Title = {How did life become so diverse? The dynamics of diversification according to the fossil record and molecular phylogenetics},
	Volume = {50},
	Year = {2007}}

@article{kucera2007chapter,
	Author = {Ku{\v{c}}era, Michal},
	Date-Added = {2016-09-29 16:34:41 +0000},
	Date-Modified = {2016-09-29 16:34:41 +0000},
	Journal = {Developments in marine geology},
	Pages = {213--262},
	Publisher = {Elsevier},
	Title = {{Planktonic foraminifera as tracers of past oceanic environments}},
	Volume = {1},
	Year = {2007}}

@article{marshall2016uncertain,
	Author = {Marshall, CR and Quental, TB},
	Journal = {Philosophical transactions of the Royal Society of London. Series B, Biological sciences},
	Number = {1691},
	Pages = {20150217--20150217},
	Publisher = {The Royal Society},
	Title = {The uncertain role of diversity dependence in species diversification and the need to incorporate time-varying carrying capacities.},
	Volume = {371},
	Year = {2016}}

@book{begon2006ecology,
	Author = {Begon, Michael and Townsend, Colin R Harper and John, L and Colin, R Townsend and John, L Harper},
	Publisher = {Blackwell Publishing},
	Title = {Ecology: from individuals to ecosystems},
	Year = {2006}}

@article{jonkers2015global,
	Author = {Jonkers, Lukas and Ku{\v{c}}era, Michal},
	Journal = {Biogeosciences},
	Number = {7},
	Pages = {2207--2226},
	Publisher = {European Geosciences Union},
	Title = {Global analysis of seasonality in the shell flux of extant planktonic Foraminifera},
	Volume = {12},
	Year = {2015}}

@manual{wei2016corrplot,
	Author = {Taiyun Wei and Viliam Simko},
	Note = {R package version 0.77},
	Title = {corrplot: Visualization of a Correlation Matrix},
	Url = {https://CRAN.R-project.org/package=corrplot},
	Year = {2016},
	Bdsk-Url-1 = {https://CRAN.R-project.org/package=corrplot}}

@book{hemleben1989modern,
	Author = {Hemleben, Christoph and Spindler, Michael and Anderson, O Roger},
	Date-Added = {2016-09-29 16:34:41 +0000},
	Date-Modified = {2016-09-29 16:34:41 +0000},
	Publisher = {Springer-Verlag New York Inc.},
	Title = {{Modern planktonic foraminifera}},
	Year = {1989}}
